@ONLINE{kubernetes-dashboard,
    title = {Deploy and Access the Kubernetes Dashboard},
    year = {2024},
    url = {https://kubernetes.io/docs/tasks/access-application-cluster/web-ui-dashboard/}
}

@ONLINE{horizontal-pod-autoscaling,
    title = {Horizontal Pod Autoscaling},
    year = {2024},
    url = {https://kubernetes.io/docs/tasks/run-application/horizontal-pod-autoscale/}
}

@ONLINE{services-networking,
    title = {Services and Networking in Kubernetes},
    year = {2024},
    url = {https://kubernetes.io/docs/concepts/services-networking/service/}
}